<?xml version="1.0" encoding="UTF-8"?><record xmlns="http://www.loc.gov/MARC21/slim" xmlns:cinclude="http://apache.org/cocoon/include/1.0" xmlns:zs="http://www.loc.gov/zing/srw/">
  <leader>00330nz  a2200121n  4500</leader>
  <controlfield tag="001">n  84137933 </controlfield>
  <controlfield tag="003">DLC</controlfield>
  <controlfield tag="005">19850221163146.4</controlfield>
  <controlfield tag="008">850115n| acannaab|          |n ana ||| c</controlfield>
  <datafield tag="010" ind1=" " ind2=" ">
    <subfield code="a">n  84137933 </subfield>
  </datafield>
  <datafield tag="040" ind1=" " ind2=" ">
    <subfield code="a">DI</subfield>
    <subfield code="c">DLC</subfield>
    <subfield code="d">DLC</subfield>
  </datafield>
  <datafield tag="110" ind1="2" ind2="0">
    <subfield code="a">Veco, Inc.</subfield>
  </datafield>
  <datafield tag="670" ind1=" " ind2=" ">
    <subfield code="a">Kotzebue coal-fired cogeneration, district heating ... 1982:</subfield>
    <subfield code="b">t.p. (Veco, Inc.)</subfield>
  </datafield>
</record>